<record><leader>02055nam a2200505oi 4500</leader><controlfield tag="001">6775549</controlfield><controlfield tag="003">CaONFJC</controlfield><controlfield tag="005">20141229085133.0</controlfield><controlfield tag="006">m        d        </controlfield><controlfield tag="007">cr||n|||||||||</controlfield><controlfield tag="008">140513s2015    cau     ob    001 0 eng d</controlfield><datafield ind1=" " ind2=" " tag="020"><subfield code="a">9780520262485 (cloth : alk. paper)</subfield></datafield><datafield ind1=" " ind2=" " tag="020"><subfield code="a">0520262484 (cloth : alk. paper)</subfield></datafield><datafield ind1=" " ind2=" " tag="020"><subfield code="a">9780520284487 (pbk. : alk. paper)</subfield></datafield><datafield ind1=" " ind2=" " tag="020"><subfield code="a">0520284488 (pbk. : alk. paper)</subfield></datafield><datafield ind1=" " ind2=" " tag="020"><subfield code="a">9780520959828 (ebook)</subfield></datafield><datafield ind1=" " ind2=" " tag="020"><subfield code="a">0520959825 (ebook)</subfield></datafield><datafield ind1=" " ind2=" " tag="020"><subfield code="a">9781322167855 (MyiLibrary)</subfield></datafield><datafield ind1=" " ind2=" " tag="037"><subfield code="a">648042</subfield><subfield code="b">MIL</subfield></datafield><datafield ind1=" " ind2=" " tag="039"><subfield code="a">exclude</subfield></datafield><datafield ind1=" " ind2=" " tag="040"><subfield code="a">CaONFJC</subfield><subfield code="c">CaONFJC</subfield><subfield code="e">rda</subfield><subfield code="d">AEU</subfield></datafield><datafield ind1="0" ind2="4" tag="050"><subfield code="a">HT243.C62</subfield><subfield code="b">S477 2015eb</subfield></datafield><datafield ind1="0" ind2="4" tag="082"><subfield code="a">307.760951/132</subfield><subfield code="2">23</subfield></datafield><datafield ind1=" " ind2=" " tag="090"><subfield code="a">Internet Access</subfield><subfield code="b">AEGMCT</subfield></datafield><datafield ind1=" " ind2=" " tag="091"><subfield code="a">DO NOT ADD TO THIS RECORD - PSA PROJECT</subfield></datafield><datafield ind1="1" ind2=" " tag="100"><subfield code="a">Sze, Julie,</subfield><subfield code="e">author.</subfield></datafield><datafield ind1="1" ind2="0" tag="245"><subfield code="a">Fantasy islands</subfield><subfield code="h">[electronic resource] :</subfield><subfield code="b">Chinese dreams and ecological fears in an age of climate crisis /</subfield><subfield code="c">Julie Sze.</subfield></datafield><datafield ind1="1" ind2=" " tag="246"><subfield code="a">Chinese dreams and ecological fears in an age of climate crisis</subfield></datafield><datafield ind1=" " ind2="1" tag="264"><subfield code="a">Oakland, California :</subfield><subfield code="b">University of California Press,</subfield><subfield code="c">[2015]</subfield></datafield><datafield ind1=" " ind2=" " tag="300"><subfield code="a">1 online resource (pages cm)</subfield></datafield><datafield ind1=" " ind2=" " tag="336"><subfield code="a">text</subfield><subfield code="b">txt</subfield><subfield code="2">rdacontent</subfield></datafield><datafield ind1=" " ind2=" " tag="337"><subfield code="a">computer</subfield><subfield code="b">c</subfield><subfield code="2">rdamedia</subfield></datafield><datafield ind1=" " ind2=" " tag="338"><subfield code="a">online resource</subfield><subfield code="b">cr</subfield><subfield code="2">rdacarrier</subfield></datafield><datafield ind1=" " ind2=" " tag="504"><subfield code="a">Includes bibliographical references and index.</subfield></datafield><datafield ind1=" " ind2=" " tag="506"><subfield code="a">Access restricted to authorized users and institutions.</subfield></datafield><datafield ind1=" " ind2=" " tag="588"><subfield code="a">Description based on print version record.</subfield></datafield><datafield ind1=" " ind2=" " tag="596"><subfield code="a">57</subfield></datafield><datafield ind1=" " ind2="0" tag="650"><subfield code="a">Urban ecology (Sociology)</subfield><subfield code="z">China</subfield><subfield code="z">Shanghai.</subfield></datafield><datafield ind1=" " ind2="0" tag="650"><subfield code="a">Sustainable development</subfield><subfield code="z">China</subfield><subfield code="z">Shanghai.</subfield></datafield><datafield ind1=" " ind2="0" tag="650"><subfield code="a">Urban renewal</subfield><subfield code="z">China</subfield><subfield code="z">Shanghai.</subfield></datafield><datafield ind1=" " ind2="0" tag="650"><subfield code="a">Urban ecology (Sociology)</subfield><subfield code="z">United States.</subfield></datafield><datafield ind1=" " ind2="0" tag="651"><subfield code="a">Chongming Qu (Shanghai, China)</subfield></datafield><datafield ind1="4" ind2="0" tag="856"><subfield code="3">MacEwan University Access</subfield><subfield code="u">http://lib.myilibrary.com/detail.asp?ID=648042</subfield><subfield code="z">(Single User Access)</subfield></datafield><datafield ind1=" " ind2=" " tag="949"><subfield code="w">ORDER</subfield><subfield code="h">UAIN</subfield><subfield code="m">GR_MAC_INT</subfield><subfield code="z">MILGMPSA</subfield></datafield><datafield ind1=" " ind2=" " tag="926"><subfield code="a">Internet Access</subfield><subfield code="w">ORDER</subfield><subfield code="c">1</subfield><subfield code="i">6775549-1001</subfield><subfield code="l">INTERNET</subfield><subfield code="m">GR_MAC_INT</subfield><subfield code="r">Y</subfield><subfield code="s">Y</subfield><subfield code="t">E-RESOURCE</subfield><subfield code="u">1/13/2015</subfield><subfield code="x">E-BOOK</subfield><subfield code="z">MILGMPSA</subfield></datafield></record>